@article{ZhouLiuCai,
  title={基于 QFD 的商业银行网点选址应用研究},
  author={周晓东 and 刘娜 and 蔡文},
  journal={经营管理者},
  volume={4},
  pages={2--3},
  year={2015}
}
@article{LBSN,
  title={基于 LBSN 的商业选址推荐系统的研究与实现},
  author={屈弘扬 and 於志文 and 田苗 and 郭斌},
  journal={计算机科学},
  volume={42},
  number={9},
  pages={33--36},
  year={2015}
}

@article{chainDev,
  title={中国城市中外国连锁店的发展探析},
  author={安芸睿 and others},
  journal={山西建筑},
  number={2018 年 20},
  pages={23--25},
  year={2018},
  publisher={山西省建筑科学研究院}
}
@mastersthesis{DengYue,
  title={基于多源兴趣点数据的城市功能区划分方法研究},
  author={邓悦},
  year={2018},
  school={中国测绘科学研究院}
}

@mastersthesis{HeJiexin,
  title={基于 GIS 的商业选址系统的设计与实现},
  author={何洁昕},
  year={2018},
  school={河北科技大学}
}

@article{ZhaoQiLu,
  title={基于深度多任务学习的层次分类},
  author={赵其鲁 and 李宗民},
  journal={计算机辅助设计与图形学学报},
  volume={30},
  number={5},
  pages={886-892},
  year={2018},
}

@article{DataClassify,
  title={基于多任务学习的多源数据分类研究},
  journal={计算机应用研究},
  volume={35},
  number={11},
  pages={34-37},
  year={2018},
}

@article{DongHongAn,
  title={基于SEMs的本土咖啡连锁店 体验营销策略研究},
  author={董鸿安 and 丁镭 and 林远贵},
  journal={商业经济},
  number={4},
  pages={79-82},
  year={2018},
}
@article{cityLevel,
  title={基于签到数据的城市商业空间空心化识别研究——以北京市城六区为例},
  author={王晓梦 and 王锦 and 朱青},
  journal={城市发展研究},
  volume={25},
  number={2},
  year={2018},
}

@article{mallLevel,
  title={基于POI大数据的城市零售业空间热点分析——以辽宁省沈阳市为例},
  author={薛冰 and 肖骁 and 李京忠 and 姜璐 and 谢潇},
  journal={经济地理},
  volume={38},
  number={5},
  pages={36-43},
  year={2018},
}